<record><leader>00000cas a22000007a 4500</leader><controlfield tag="001">27469595</controlfield><controlfield tag="008">930219d19131917scucr ne      0    0eng d</controlfield><datafield ind1=" " ind2=" " tag="010"><subfield code="a">sn 93067629 </subfield></datafield><datafield ind1=" " ind2=" " tag="040"><subfield code="a">SVN</subfield><subfield code="b">eng</subfield><subfield code="c">SVN</subfield><subfield code="d">OCLCQ</subfield></datafield><datafield ind1=" " ind2=" " tag="042"><subfield code="a">msc</subfield></datafield><datafield ind1="0" ind2=" " tag="130"><subfield code="a">Semi-weekly news (Chester, S.C.)</subfield></datafield><datafield ind1="1" ind2="4" tag="245"><subfield code="a">The semi-weekly news.</subfield></datafield><datafield ind1=" " ind2=" " tag="260"><subfield code="a">Chester, S.C. :</subfield><subfield code="b">J.E. Nunnery</subfield></datafield><datafield ind1=" " ind2=" " tag="300"><subfield code="a">v.</subfield></datafield><datafield ind1=" " ind2=" " tag="310"><subfield code="a">Semiweekly</subfield></datafield><datafield ind1="1" ind2=" " tag="362"><subfield code="a">Began in 1913.</subfield></datafield><datafield ind1="0" ind2=" " tag="362"><subfield code="a">-v. 4, no. 78 (Sept. 28, 1917).</subfield></datafield><datafield ind1=" " ind2=" " tag="588"><subfield code="a">Description based on: Vol. 1, no. 73 (Sept. 11, 1914).</subfield></datafield><datafield ind1=" " ind2="4" tag="651"><subfield code="a">Chester County (S.C.)</subfield><subfield code="v">Newspapers.</subfield></datafield><datafield ind1=" " ind2=" " tag="752"><subfield code="a">United States</subfield><subfield code="b">South Carolina</subfield><subfield code="c">Chester</subfield><subfield code="d">Chester.</subfield></datafield><datafield ind1="0" ind2="0" tag="785"><subfield code="t">Chester news (Chester, S.C.)</subfield><subfield code="w">(DLC)sn 86063781</subfield></datafield><datafield ind1="1" ind2=" " tag="029"><subfield code="a">AU@</subfield><subfield code="b">000020746157</subfield></datafield></record>